@article{Gill:2011:UNF:2043164.2018477,
	author = {Gill, Phillipa and Jain, Navendu and Nagappan, Nachiappan},
	title = {Understanding Network Failures in Data Centers: Measurement, Analysis, and Implications},
	journal = {SIGCOMM Comput. Commun. Rev.},
	issue_date = {August 2011},
	volume = {41},
	number = {4},
	month = aug,
	year = {2011},
	issn = {0146-4833},
	pages = {350--361},
	numpages = {12},
	url = {http://doi.acm.org/10.1145/2043164.2018477},
	doi = {10.1145/2043164.2018477},
	acmid = {2018477},
	publisher = {ACM},
	address = {New York, NY, USA},
	keywords = {data centers, network reliability},
}

@inproceedings{Karumanchi:2014:WLS:2554850.2555010,
	author = {Karumanchi, Sushama and Squicciarini, Anna Cinzia},
	title = {In the Wild: A Large Scale Study of Web Services Vulnerabilities},
	booktitle = {Proceedings of the 29th Annual ACM Symposium on Applied Computing},
	series = {SAC '14},
	year = {2014},
	isbn = {978-1-4503-2469-4},
	location = {Gyeongju, Republic of Korea},
	pages = {1239--1246},
	numpages = {8},
	url = {http://doi.acm.org/10.1145/2554850.2555010},
	doi = {10.1145/2554850.2555010},
	acmid = {2555010},
	publisher = {ACM},
	address = {New York, NY, USA},
}

@inproceedings{mutchler15:mobilewebapps,
	author = {Patrick Mutchler and Adam Doup\'e and John Mitchell and Christopher Kruegel and Giovanni Vigna},
	title = {{A Large-Scale Study of Mobile Web App Security}},
	booktitle = {{Proceedings of the Mobile Security Technologies Workshop (MoST)}}, 
	month = may,
	year = 2015
}

@article{Kraemer2007143,
	title = {Human errors and violations in computer and information security: The viewpoint of network administrators and security specialists},
	journal = {Applied Ergonomic}",
	volume = {38},
	number = {2},
	pages = {143--154},
	year = {2007},
	issn = {0003-6870},
	doi = {http://dx.doi.org/10.1016/j.apergo.2006.03.010},
	url = {http://www.sciencedirect.com/science/article/pii/S000368700600041X},
	author = {Sara Kraemer and Pascale Carayon}
}

@article{Kraemer2009509,
	title = {Human and organizational factors in computer and information security: Pathways to vulnerabilities},
	journal = {Computers \& Security},
	volume = {28},
	number = {7},
	pages = {509--520},
	year = {2009},
	issn = {0167-4048},
	doi = {http://dx.doi.org/10.1016/j.cose.2009.04.006"},
	url = {http://www.sciencedirect.com/science/article/pii/S0167404809000467},
	author = {Sara Kraemer and Pascale Carayon and John Clem}
}

@article{Liginlal2009215,
	title = "How significant is human error as a cause of privacy breaches? An empirical study and a framework for error management ",
	journal = "Computers \& Security ",
	volume = "28",
	number = "3â€“4",
	pages = "215 - 228",
	year = "2009",
	note = "",
	issn = "0167-4048",
	doi = "http://dx.doi.org/10.1016/j.cose.2008.11.003",
	url = "http://www.sciencedirect.com/science/article/pii/S0167404808001181",
	author = "Divakaran Liginlal and Inkook Sim and Lara Khansa",
}

@MISC{Ahmed12humanerrors,
	author = {Munir Ahmed and Lukman Sharif and Muhammad Kabir and Maha Al-maimani},
	title = {Human Errors in Information Security},
	year = {2012}
}

@article{Xie:2011:ADW:1988082.1988328,
	author = {Xie, Miao and Han, Song and Tian, Biming and Parvin, Sazia},
	title = {Anomaly Detection in Wireless Sensor Networks: A Survey},
	journal = {J. Netw. Comput. Appl.},
	issue_date = {July, 2011},
	volume = {34},
	number = {4},
	month = jul,
	year = {2011},
	issn = {1084-8045},
	pages = {1302--1325},
	numpages = {24},
	url = {http://dx.doi.org/10.1016/j.jnca.2011.03.004},
	doi = {10.1016/j.jnca.2011.03.004},
	acmid = {1988328},
	publisher = {Academic Press Ltd.},
	address = {London, UK, UK},
	keywords = {Anomaly detection, Information security, Wireless sensor networks},
}

@article{Milenkoski:2015:ECI:2808687.2808691,
	author = {Milenkoski, Aleksandar and Vieira, Marco and Kounev, Samuel and Avritzer, Alberto and Payne, Bryan D.},
	title = {Evaluating Computer Intrusion Detection Systems: A Survey of Common Practices},
	journal = {ACM Comput. Surv.},
	issue_date = {September 2015},
	volume = {48},
	number = {1},
	month = sep,
	year = {2015},
	issn = {0360-0300},
	pages = {12:1--12:41},
	articleno = {12},
	numpages = {41},
	url = {http://doi.acm.org/10.1145/2808691},
	doi = {10.1145/2808691},
	acmid = {2808691},
	publisher = {ACM},
	address = {New York, NY, USA},
	keywords = {Computer intrusion detection systems, measurement methodology, metrics, workload generation},
}

@book{Tanenbaum:2002:CN:572404,
	author = {Tanenbaum, Andrew},
	title = {Computer Networks},
	year = {2002},
	isbn = {0130661023},
	edition = {4th},
	publisher = {Prentice Hall Professional Technical Reference},
} 
@book{Stallings:1996:DCC:249292,
	author = {Stallings, William},
	title = {Data and Computer Communications (5th Ed.)},
	year = {1997},
	isbn = {0-02-415425-3},
	publisher = {Prentice-Hall, Inc.},
	address = {Upper Saddle River, NJ, USA},
}
@book{Anderson:2013:SRP:2563597,
	author = {Anderson, Quinton},
	title = {Storm Real-Time Processing Cookbook},
	year = {2013},
	isbn = {1782164421, 9781782164425},
	publisher = {Packt Publishing},
} 
@inproceedings{Hunt:2010:ZWC:1855840.1855851,
	author = {Hunt, Patrick and Konar, Mahadev and Junqueira, Flavio P. and Reed, Benjamin},
	title = {ZooKeeper: Wait-free Coordination for Internet-scale Systems},
	booktitle = {Proceedings of the 2010 USENIX Conference on USENIX Annual Technical Conference},
	series = {USENIXATC'10},
	year = {2010},
	location = {Boston, MA},
	pages = {11--11},
	numpages = {1},
	publisher = {USENIX Association},
	address = {Berkeley, CA, USA},
} 
@book{junqueira2013zookeeper,
	title={ZooKeeper: Distributed Process Coordination},
	author={Junqueira, F. and Reed, B.},
	isbn={9781449361280},
	year={2013},
	publisher={O'Reilly Media}
}
@misc{rfc791,
	author="J. Postel",
	title="{Internet Protocol}",
	series="Request for Comments",
	number="791",
	howpublished="RFC 791 (INTERNET STANDARD)",
	publisher="IETF",
	organization="Internet Engineering Task Force",
	year=1981,
	month=sep,
	note="Updated by RFCs 1349, 2474, 6864",
	url="http://www.ietf.org/rfc/rfc791.txt",
}
@misc{rfc793,
	author="J. Postel",
	title="{Transmission Control Protocol}",
	series="Request for Comments",
	number="793",
	howpublished="RFC 793 (INTERNET STANDARD)",
	publisher="IETF",
	organization="Internet Engineering Task Force",
	year=1981,
	month=sep,
	note="Updated by RFCs 1122, 3168, 6093, 6528",
	url="http://www.ietf.org/rfc/rfc793.txt",
}

@misc{rfc1180,
	author="T.J. Socolofsky and C.J. Kale",
	title="{TCP/IP tutorial}",
	series="Request for Comments",
	number="1180",
	howpublished="RFC 1180 (Informational)",
	publisher="IETF",
	organization="Internet Engineering Task Force",
	year=1991,
	month=jan,
	url="http://www.ietf.org/rfc/rfc1180.txt",
}

@book{Leibiusky:2012:GSS:2432208,
	author = {Leibiusky, Jonathan and Eisbruch, Gabriel and Simonassi, Dario},
	title = {Getting Started with Storm},
	year = {2012},
	isbn = {1449324010, 9781449324018},
	publisher = {O'Reilly Media, Inc.},
} 

@BOOK{ISOIEC9126,
	title = {ISO/IEC 9126. Software engineering -- Product quality},
	publisher = {ISO/IEC},
	year = {2001},
	author = {ISO/IEC}
}
