@book{Tanenbaum:2002,
 author = {Tanenbaum, Andrew},
 title = {Computer Networks},
 year = {2002},
 isbn = {0130661023},
 edition = {4th},
 publisher = {Prentice Hall Professional Technical Reference},
}

@book{Anderson:2013,
 author = {Anderson, Quinton},
 title = {Storm Real-time Processing Cookbook},
 year = {2013},
 isbn = {978-1-78216-442-5},
 edition = {1th},
 publisher = {Packt Publishing Ltd.},
}

@book{Junqueira:2013,
 author = {Junqueira, Flavio},
 title = {ZooKeeper: Distributed Process Coordination},
 year = {2013},
 isbn = {978-1-4493-6130-3},
 edition = {1th},
 publisher = {O'Reilly Media},
}

